<record xmlns="http://www.loc.gov/MARC21/slim">
   <leader>03810nam a2200493 i 4500</leader>
   <controlfield tag="001">6709586</controlfield>
   <controlfield tag="003">OCoLC</controlfield>
   <controlfield tag="005">20141006121434.0</controlfield>
   <controlfield tag="008">140307t20152015nyua     b    001 0 eng  </controlfield>
   <datafield ind1=" " ind2=" " tag="010">
      <subfield code="a">  2014006630</subfield>
   </datafield>
   <datafield ind1=" " ind2=" " tag="015">
      <subfield code="a">GBB477560</subfield>
      <subfield code="2">bnb</subfield>
   </datafield>
   <datafield ind1="7" ind2=" " tag="016">
      <subfield code="a">016801516</subfield>
      <subfield code="2">Uk</subfield>
   </datafield>
   <datafield ind1=" " ind2=" " tag="020">
      <subfield code="a">9781138025134 (paperback)</subfield>
   </datafield>
   <datafield ind1=" " ind2=" " tag="020">
      <subfield code="a">1138025135 (paperback)</subfield>
   </datafield>
   <datafield ind1=" " ind2=" " tag="020">
      <subfield code="a">9781138025141 (hbk)</subfield>
   </datafield>
   <datafield ind1=" " ind2=" " tag="020">
      <subfield code="a">1138025143 (hbk)</subfield>
   </datafield>
   <datafield ind1=" " ind2=" " tag="020">
      <subfield code="z">9781315775364 (ebk)</subfield>
   </datafield>
   <datafield ind1=" " ind2=" " tag="035">
      <subfield code="a">ocn872139145</subfield>
   </datafield>
   <datafield ind1=" " ind2=" " tag="040">
      <subfield code="a">DLC</subfield>
      <subfield code="e">rda</subfield>
      <subfield code="b">eng</subfield>
      <subfield code="c">DLC</subfield>
      <subfield code="d">YDX</subfield>
      <subfield code="d">YDXCP</subfield>
      <subfield code="d">UOI</subfield>
      <subfield code="d">OCLCF</subfield>
      <subfield code="d">UKMGB</subfield>
      <subfield code="d">BDX</subfield>
      <subfield code="d">NLGGC</subfield>
      <subfield code="d">CDX</subfield>
      <subfield code="d">UAB</subfield>
   </datafield>
   <datafield ind1=" " ind2=" " tag="042">
      <subfield code="a">pcc</subfield>
   </datafield>
   <datafield ind1="0" ind2="0" tag="050">
      <subfield code="a">BF723.P25</subfield>
      <subfield code="b">K54 2015</subfield>
   </datafield>
   <datafield ind1="0" ind2="0" tag="082">
      <subfield code="a">155.4</subfield>
      <subfield code="2">23</subfield>
   </datafield>
   <datafield ind1=" " ind2=" " tag="084">
      <subfield code="a">PSY002000</subfield>
      <subfield code="2">bisacsh</subfield>
   </datafield>
   <datafield ind1=" " ind2=" " tag="090">
      <subfield code="a">155.4 KLE</subfield>
      <subfield code="b">AEVC</subfield>
   </datafield>
   <datafield ind1=" " ind2=" " tag="090">
      <subfield code="a">BF 723 P25 K54 2015</subfield>
      <subfield code="b">AEU</subfield>
   </datafield>
   <datafield ind1="1" ind2=" " tag="100">
      <subfield code="a">Klebanov, Marianna S.,</subfield>
      <subfield code="e">author.</subfield>
   </datafield>
   <datafield ind1="1" ind2="4" tag="245">
      <subfield code="a">The critical role of parenting in human development /</subfield>
      <subfield code="c">Marianna S. Klebanov and Adam D. Travis.</subfield>
   </datafield>
   <datafield ind1=" " ind2="1" tag="264">
      <subfield code="a">New York, NY :</subfield>
      <subfield code="b">Routledge, Taylor &amp; Francis Group,</subfield>
      <subfield code="c">2015.</subfield>
   </datafield>
   <datafield ind1=" " ind2="4" tag="264">
      <subfield code="c">©2015</subfield>
   </datafield>
   <datafield ind1=" " ind2=" " tag="300">
      <subfield code="a">xi, 163 pages :</subfield>
      <subfield code="b">illustrations ;</subfield>
      <subfield code="c">23 cm</subfield>
   </datafield>
   <datafield ind1=" " ind2=" " tag="336">
      <subfield code="a">text</subfield>
      <subfield code="2">rdacontent</subfield>
   </datafield>
   <datafield ind1=" " ind2=" " tag="337">
      <subfield code="a">unmediated</subfield>
      <subfield code="2">rdamedia</subfield>
   </datafield>
   <datafield ind1=" " ind2=" " tag="338">
      <subfield code="a">volume</subfield>
      <subfield code="2">rdacarrier</subfield>
   </datafield>
   <datafield ind1=" " ind2=" " tag="504">
      <subfield code="a">Includes bibliographical references and index.</subfield>
   </datafield>
   <datafield ind1=" " ind2=" " tag="520">
      <subfield code="a">"This thorough and multidisciplinary overview of childrearing illustrates and stands on two foundational principles: that the importance of parenting is immense, and that it is undervalued. The Critical Role of Parenting in Human Development surprises readers with the realization that the way we were parented in childhood impacts nearly every aspect of our lives. Based in part on cutting-edge research using MRI and fMRI technologies demonstrating that the brains of those traumatized in childhood are essentially different, the book explains that our brain development during our earliest years and in the womb is fundamental to the lives we lead.It covers attachment theory, the impact of corporal punishment on the brain, the effects of emotional abuse and neglect, and the widespread nature of Posttraumatic Stress Disorder, describing the process that leads to the transmission of parenting patterns through the generations and explaining how resulting personal issues recur throughout the lifespan. The Critical Role of Parenting in Human Development also examines laws and policies that impact parenting in our culture, making a case for their importance, and describes the effect of childrearing on various aspects of human life, including relationships, crime and violence, economics, mental and physical health, addiction, education, and career issues, among others. Interdisciplinary in nature, this book is a much-needed resource for professionals and students in the psychology, psychotherapy, social work, and related mental health and child welfare fields"--</subfield>
      <subfield code="c">Provided by publisher.</subfield>
   </datafield>
   <datafield ind1=" " ind2=" " tag="520">
      <subfield code="a">"The importance of parenting is immense yet undervalued in many Western cultures. As child welfare advocates and mental health professionals know, the first years of life have a tremendous impact on our adult selves, and negative parenting practices, such as corporal punishment, emotional abuse, and neglect, are now shown to have long-lasting effects on an individual's biological, psychological, and emotional development"--</subfield>
      <subfield code="c">Provided by publisher.</subfield>
   </datafield>
   <datafield ind1=" " ind2=" " tag="596">
      <subfield code="a">3 16</subfield>
   </datafield>
   <datafield ind1=" " ind2="0" tag="650">
      <subfield code="a">Parent and child.</subfield>
   </datafield>
   <datafield ind1=" " ind2="0" tag="650">
      <subfield code="a">Parenting</subfield>
      <subfield code="x">Psychological aspects.</subfield>
   </datafield>
   <datafield ind1=" " ind2="0" tag="650">
      <subfield code="a">Developmental psychology.</subfield>
   </datafield>
   <datafield ind1="1" ind2=" " tag="700">
      <subfield code="a">Travis, Adam D.,</subfield>
      <subfield code="e">author.</subfield>
   </datafield>
   <datafield ind1=" " ind2=" " tag="949">
      <subfield code="a">BF 723 P25 K54 2015</subfield>
      <subfield code="c">1</subfield>
      <subfield code="h">UAAU-B</subfield>
      <subfield code="i">0162035167657</subfield>
   </datafield>
   <datafield ind1=" " ind2=" " tag="926">
      <subfield code="a">BF 723 P25 K54 2015</subfield>
      <subfield code="w">LC</subfield>
      <subfield code="c">1</subfield>
      <subfield code="i">0162035167657</subfield>
      <subfield code="d">1/18/2017</subfield>
      <subfield code="e">9/15/2016</subfield>
      <subfield code="l">ON_SHELF</subfield>
      <subfield code="m">UAAUG</subfield>
      <subfield code="n">5</subfield>
      <subfield code="p">$150.00</subfield>
      <subfield code="r">Y</subfield>
      <subfield code="s">Y</subfield>
      <subfield code="t">BOOK</subfield>
      <subfield code="u">10/17/2014</subfield>
   </datafield>
   <datafield ind1=" " ind2=" " tag="926">
      <subfield code="a">155.4 KLE</subfield>
      <subfield code="w">DEWEY</subfield>
      <subfield code="c">1</subfield>
      <subfield code="i">33862001343346</subfield>
      <subfield code="d">12/2/2016</subfield>
      <subfield code="e">11/21/2016</subfield>
      <subfield code="l">ON_SHELF</subfield>
      <subfield code="m">NORQ_MAIN</subfield>
      <subfield code="n">9</subfield>
      <subfield code="p">$42.84</subfield>
      <subfield code="r">Y</subfield>
      <subfield code="s">Y</subfield>
      <subfield code="t">BOOK</subfield>
      <subfield code="u">10/16/2014</subfield>
   </datafield>
</record>
